3635 4378
813 206 1117 286 Anac
1197 208 2607 288 νιιιιιιιιιιιῦιιτιιιιιικς
2797 222 2937 304 '²81

894 323 1443 424 Protesilaeam
1461 334 1885 420 Laodamia
1905 336 2240 421 domum

785 445 1193 554 inceptam
1220 445 1490 530 frustra
1511 501 1537 542 ,
1591 447 1948 530 nondum
1972 465 2219 558 quum
2246 391 2615 560 languine
2639 447 2849 535 sacro

900 556 1176 638 Hostia
1201 556 1508 654 caelestis
1528 550 1978 661 pacificasset
1998 560 2245 641 heros·
2351 599 2354 600 f
2925 612 2936 617 -

782 663 932 746 Nil
978 666 1168 747 mihi
1190 690 1343 747 tam
1373 668 1600 748 valde
1627 668 1965 793 placeat,
2030 669 2513 753 Rhamnusia
2509 671 2755 784 virgo
2773 725 2800 759 ‚
2927 775 2930 779 Α

894 763 1149 879 Qod
1173 801 1472 859 temere
1493 778 1765 859 invitis
1787 776 2226 886 suscipiatur
2248 777 2476 864 heris.

774 882 1098 994 Quamj
1066 888 1337 997 Jejuna
1351 892 1571 995 pium
1592 886 1746 967 des
1752 889 1974 970 deret
1992 916 2119 970 ara
2135 913 2536 976 cruorem,

716 1050 722 1056 -
794 1073 795 1076 J
894 995 1151 1120 DOst?
1168 995 1305 1076 est
1312 997 1567 1078 imiffo
1591 997 2011 1104 Laodamia
2035 1002 2213 1080 viro
2675 1068 2678 1072 ,

771 1097 992 1214 Conj
1006 1105 1167 1215 ugis
1188 1130 1373 1191 ante
1393 1107 1657 1189 coacta
1681 1109 1881 1189 novi
1902 1107 2308 1191 dimittere
2322 1100 2611 1190 collum
2636 1164 2660 1202 ‚
2743 1166 2756 1170 -

885 1214 1157 1320 Quam
1177 1220 1496 1300 veniens
1520 1245 1668 1298 una
1685 1239 1921 1328 atque
1932 1215 2167 1300 altera
2169 1217 2438 1299 rursus
2463 1217 2744 1329 hyems

773 1324 866 1407 N
872 1327 1219 1406 ochbus
1201 1355 1278 1406 in
1298 1327 1556 1435 longis
1574 1327 1898 1408 avidum
1924 1326 2310 1409 saturasset
2328 1354 2720 1414 amorem,

703 1492 720 1501 -<
888 1435 1147 1516 Possct
1165 1435 1303 1515 a'b
1285 1460 1627 1541 innupto
1640 1438 1919 1542 vivere
1938 1436 2331 1547 conjugio.
2615 1474 2619 1478 ⁴

736 1623 747 1634 ,
771 1545 1029 1648 Quod
1053 1544 1338 1626 scibant
1363 1547 1611 1626 Parcae
1631 1570 1795 1626 non
1823 1545 2068 1655 longo
2090 1568 2447 1653 tempore
2466 1543 2716 1628 abesse
2731 1597 2754 1639 ‚

891 1655 974 1735 Si
996 1654 1219 1735 miles
1245 1681 1508 1736 muros
1527 1653 1692 1734 iflet
1717 1655 1813 1737 ad
1839 1654 2144 1736 Iliacos,

772 1721 993 1845 Nam
1020 1785 1188 1844 tum
1217 1763 1536 1845 Helenae
1559 1787 1778 1873 raptu
1803 1765 2182 1872 primores
2201 1764 2693 1875 Argivorum

889 1875 1270 1980 Coeperat
1288 1871 1388 1955 ad
1407 1872 1561 1955 sese
1585 1875 1834 1955 Troia
1850 1873 2062 1956 cier‘e
2087 1877 2333 1957 viros·

770 1981 1024 2065 Troia
1058 1985 1287 2068 nefas
1291 2037 1311 2075 ,
1367 2010 1791 2066 commune
1833 1982 2328 2094 sepulchrum
2359 1981 2551 2096 Asiae
2570 2033 2595 2078 ,
2623 1977 2912 2138 Euro-

714 2163 720 2172 .
1100 2121 1414 2204 paeque,

757 2264 780 2309 n
885 2204 1135 2289 Troia
1157 2207 1441 2286 virum·
1436 2259 1457 2294 ,
1517 2210 1599 2284 &
1621 2204 2004 2299 virtutum
2023 2206 2381 2293 omnium
2401 2202 2669 2291 acerba
2687 2203 2909 2289 ciniS.

775 2315 1149 2419 Quaemet
1165 2304 1240 2396 δὲ
1265 2316 1347 2396 id
1374 2309 1637 2397 nostro
1659 2317 1908 2400 letum
1927 2316 2353 2406 miserabile
2370 2317 2592 2401 ftatri
2663 2360 2668 2363 ·

894 2426 1213 2513 Attulit.
1271 2424 1405 2503 hei
1428 2414 1704 2505 misero
1725 2426 1962 2508 frater
1975 2426 2294 2510 ademte
2318 2427 2539 2508 mihi'

772 2533 935 2616 Hei
961 2531 1240 2612 misero
1256 2530 1467 2611 fratri
1482 2526 1908 2624 iucundum
1933 2536 2203 2616 lumen
2220 2535 2724 2640 ademptum.
2708 2536 2726 2586 ¹

868 2643 1196 2726 Tecum
1219 2669 1372 2724 una
1392 2659 1558 2722 tota
1579 2636 1689 2725 est
1711 2639 1966 2723 nostra
1985 2639 2274 2753 sepulta
2292 2641 2604 2725 domus,

764 2754 1071 2840 Omnia
1093 2759 1349 2837 tecum
1368 2778 1525 2836 una
1538 2754 1938 2860 perierunt
2050 2753 2233 2835 udia
2248 2752 2505 2836 nostra
2522 2802 2554 2848 ,

880 2866 1084 2973 Qae
1103 2886 1285 2948 tuus
1303 2864 1385 2944 in
1409 2863 1566 2946 vita
1585 2859 1832 2947 dulcis
1849 2864 1917 2945 al
2025 2887 2104 2947 at
2121 2892 2366 2948 amor.

686 3008 695 3017 ·
766 2975 1053 3083 Qem
1066 3000 1277 3058 nunc
1297 2996 1456 3056 tam
1480 2973 1715 3083 longe
1736 3002 1904 3055 non
1923 2980 2127 3057 inter
2148 2999 2338 3056 nota
2355 2971 2796 3080 sepulchra,

878 3087 970 3169 N
974 3113 1064 3168 ec
1083 3112 1334 3195 prope
1352 3106 1729 3194 cognatos
1745 3084 2282 3191 compositum·
2287 3082 2630 3170 cineres,
2811 3114 2815 3118 *

766 3182 937 3280 Sed
942 3197 1195 3279 Troia
1214 3194 1571 3278 obscoena
1593 3249 1621 3290 ,
1675 3193 1928 3275 Troia
1949 3192 2264 3275 infelice
2287 3192 2680 3306 sepultum

880 3305 1213 3388 Detinet
1230 3328 1589 3409 extremo
1609 3328 1810 3387 terra
1831 3303 2079 3386 aliena
2101 3302 2285 3387 s010.
2823 3334 2832 3337 ’

772 3416 913 3502 Ad
953 3444 1187 3526 quam
1229 3437 1401 3499 tum
1444 3441 1867 3526 properans
1904 3413 2342 3529 ferventior
2357 3344 2733 3599 undique
2752 3439 2901 3526 pu-

880 3624 1156 3724 Graeca
1171 3635 1589 3749 penetralis
1605 3635 2020 3727 deseruere
2038 3592 2308 3741 deos·
2439 3730 2443 3735 ,
2866 3681 2869 3684 ·

1879 3751 1970 3837 Ν
1992 3776 2045 3834 ιι
2765 3738 2908 3825 Ne
