3635 4378
1035 158 2485 272 ADLEcToREM.

421 376 424 379 Α
567 331 717 383 nere
754 307 1064 402 fomitara.
1119 305 1375 396 Festus;
1426 305 1857 400 Defomitatum
1878 358 1900 395 ‚
1950 310 1997 386 ὲ
2012 318 2319 410 fomitibus
2359 323 2642 422 succisum
2663 372 2685 408 ‚
2738 335 2945 423 quius

572 408 859 503 confoveri
893 429 1027 480 erat
1050 408 1317 504 fhlitum.
1415 405 1686 481 Mollior
1717 437 1977 512 quoque
2015 417 2131 490 hac
2151 422 2393 492 ratione
2428 422 2503 495 fit
2538 424 2783 512 versun
2835 433 2944 531 qui

568 534 700 585 non
737 507 1005 580 libenter
1038 507 1104 578 in
1138 506 1243 577 illa
1265 504 1409 578 sede
1424 505 1776 606 spondeum
1793 539 1916 611 pro
1936 517 2219 593 trochaeo
2235 522 2543 597 admittit.

665 611 966 703 sanguine
1000 613 1148 680 hanc
1180 610 1361 679 etiam
1397 613 1580 691 mihi,
1625 613 1734 707 sed
1768 617 2061 699 tacebitis,
2114 646 2287 695 aram
2386 624 2502 696 Sic
2537 626 2777 720 vulgo,
2836 626 2946 702 {ed

567 731 687 779 nos
725 708 1026 779 librorum
1063 730 1348 782 veterum
1381 708 1740 808 scripturam
1783 713 2164 793 reduximus.
2345 725 2624 799 one-nim
2667 753 2793 809 ara,
2843 727 2950 802 sed

566 810 779 905 palus,
829 809 940 907 qui
959 809 1315 911 abinguine
1332 812 1766 907 propendebat
1785 859 1808 895 ‚
1862 814 2162 919 languine
2199 821 2524 900 linebatur.
2627 831 2950 913 Quaenam'
3008 918 3015 921 ἡ

566 904 689 976 fint
719 926 890 979 arma
932 911 1178 1010 Priapi,
1230 935 1392 1008 opus
1429 910 1696 984 minime
1725 910 1913 988 fuerit
1944 921 2283 1019 explicare.
2385 924 2488 997 sic
2507 951 2759 1026 quoque
2780 935 2944 1000 Pro·

565 1004 842 1101 pertins3
897 1009 1228 1106 osculaque
1242 1013 1485 1082 admota
1495 1012 1729 1106 sumere
1748 1016 1823 1093 (r
1840 1041 2013 1090 arma
2031 1044 2237 1100 manu.
2331 1026 2496 1099 Non
2518 1027 2695 1103 re5te
2717 1034 2783 1099 &
2807 1027 2944 1099 haec

567 1127 820 1205 quoque
859 1103 1196 1183 sollicitant
1215 1108 1335 1181 viri
1357 1109 1558 1185 (Ιοᾶἰ.

1250 1344 2186 1444 ,ΡΚῙΑΡνέλ

790 1553 972 1665 Ego
1011 1550 1174 1636 haec
1212 1578 1367 1667 ego
1397 1577 1565 1641 arte
1583 1556 1950 1646 fabricata
1967 1565 2240 1652 rustica
2269 1626 2291 1658 2

791 1664 973 1777 Ego
1011 1664 1227 1751 arida
1247 1718 1272 1761 ,
1329 1666 1386 1750 ὀ
1421 1669 1676 1754 viator
1696 1726 1720 1766 ,
1779 1699 1963 1758 ecce
2022 1679 2365 1789 populus

791 1776 1252 1884 Agellulum
1294 1777 1509 1864 hune
1540 1781 1834 1867 finisti-a
1856 1808 2026 1871 tute
2066 1818 2309 1902 quem
2347 1790 2569 1877 vides
2818 1885 2823 1893 ,

787 1886 1155 2000 Herique
1191 1892 1536 1978 villulam
1562 1952 1584 1984 ‚
1653 1896 2225 2012 hortulumque
2258 1907 2619 2018 pauperis

785 1995 1023 2081 Tuor
1042 2055 1067 2095 ,
1131 2002 1515 2114 malasque
1535 2006 1728 2090 furis
1741 2037 1974 2095 arceo
1999 2040 2295 2101 manus,
2728 2013 2740 2022 ³

792 2108 1010 2193 Mihi
1051 2113 1348 2195 corolla.
1385 2116 1595 2225 prela
1620 2143 1809 2203 vere
1835 2147 2163 2231 ponitur
2188 2183 2212 2216 2

761 2220 1000 2328 Mihi
1027 2226 1313 2309 rubens
1346 2225 1566 2311 arista
1590 2229 1750 2314 sole
1771 2231 2091 2319 fervido
2112 2291 2138 2334 ,

791 2333 1010 2412 Mihi
1048 2337 1352 2417 virente
1387 2338 1639 2422 dulcis
1697 2373 1851 2427 uva
1889 2350 2312 2456 pampino,

790 2440 1005 2523 Mihi
1043 2442 1308 2553 glauca
1345 2443 1552 2524 duro
1591 2449 1801 2532 oliva
1839 2458 2060 2538 costa
2079 2458 2397 2569 frigore.

790 2549 1004 2656 Meis
1026 2554 1319 2666 capella
1353 2554 1682 2642 delicata
1703 2561 1997 2670 pascuis

781 2662 882 2746 In
921 2665 1196 2751 urbem
1240 2665 1505 2752 adulta
1529 2668 1726 2753 laste
1752 2697 2017 2783 portat
2046 2678 2305 2764 ubera.

786 2775 1160 2889 Meisque
1182 2779 1499 2895 pinguis
1522 2795 1770 2894 agnus
1793 2813 1894 2870 ex
1921 2789 2267 2875 ovilibus

782 2886 1136 2973 Gravem
1160 2891 1492 2977 domum
1535 2894 1875 2982 remittit
1904 2926 2051 2984 aere
2092 2901 2502 2986 dexteram

782 2997 1264 3115 Tener-aque
1289 3027 1536 3088 matre
1573 3011 1978 3119 mugiente
2017 3013 2324 3126 vaccula

785 3109 1050 3197 Deum
1088 3113 1502 3223 profundit
1541 3140 1725 3203 ante
1761 3124 2055 3233 templa
2103 3124 2582 3236 sanguinem.
2618 3133 2625 3138 '

793 3220 1030 3307 Proin
1055 3228 1307 3309 viator
1344 3229 1554 3311 hunc
1575 3228 1813 3324 deum
1858 3235 2283 3325 vereberis,

783 3334 1284 3450 Manumque
1327 3336 1614 3444 sorsum
1641 3344 1995 3429 habebis:
2059 3347 2378 3435 hoctibi
2402 3349 2748 3463 expedit.

779 3445 1052 3531 Parata
1091 3476 1435 3559 namque
1482 3471 1660 3537 trux
1688 3455 1845 3538 fine
1865 3478 2030 3540 arte
2056 3461 2429 3545 mentula.

789 3555 1058 3643 Velim
1080 3563 1218 3670 pol
1243 3614 1267 3654 ,
1320 3561 1585 3672 inquis
1607 3594 1625 3646 ε
1681 3588 1761 3649 at
1780 3569 1915 3676 pol
1934 3595 2112 3652 ecce
2133 3569 2433 3660 villicus

787 3667 1081 3767 Venit;
1137 3671 1452 3756 valente
1490 3679 1618 3757 cui
1662 3678 1955 3784 revulsa
1975 3679 2291 3768 brachio

791 3779 929 3868 Fit
947 3780 1086 3870 ista
1104 3785 1454 3875 mentula
1487 3807 1670 3902 apta
1687 3791 1899 3882 clava
1920 3794 2279 4002 <gangram
2703 3891 2709 3896 ,
2755 3906 2940 3978 Mihi-
