<?xml version="1.0" encoding="UTF-8"?>
<!DOCTYPE html PUBLIC "-//W3C//DTD XHTML 1.0 Transitional//EN"
    "http://www.w3.org/TR/xhtml1/DTD/xhtml1-transitional.dtd">
<html xmlns="http://www.w3.org/1999/xhtml" xml:lang="en" lang="en">
 <head>
  <title>
</title>
<meta http-equiv="Content-Type" content="text/html;charset=utf-8" />
  <meta name='ocr-system' content='tesseract 3.04.00' />
  <meta name='ocr-capabilities' content='ocr_page ocr_carea ocr_par ocr_line ocrx_word'/>
</head>
<body>
  <div class='ocr_page' id='page_1' title='image "./cvaleriicatulli00vossgoog_0270.png"; bbox 0 0 3635 4378; ppageno 0'>
   <div class='ocr_carea' id='block_1_1' title="bbox 682 123 2783 288">
    <p class='ocr_par' dir='ltr' id='par_1_1' title="bbox 682 123 2783 288">
     <span class='ocr_line' id='line_1_1' title="bbox 682 123 2783 288; baseline 0.012 -85"><span class='ocrx_word' id='word_1_1' title='bbox 682 182 871 274; x_wconf 63' lang='lat'>⁴25⁶</span> <span class='ocrx_word' id='word_1_2' title='bbox 1113 123 2783 288; x_wconf 35' lang='lat' dir='ltr'>Lvossl&#39;On&#39;gnnvarxonns,</span> 
     </span>
    </p>
   </div>
   <div class='ocr_carea' id='block_1_2' title="bbox 698 293 3095 2601">
    <p class='ocr_par' dir='ltr' id='par_1_2' title="bbox 698 293 3095 2601">
     <span class='ocr_line' id='line_1_2' title="bbox 849 293 2975 413; baseline -0.011 -17"><span class='ocrx_word' id='word_1_3' title='bbox 849 313 1049 397; x_wconf 88' lang='lat' dir='ltr'>Non</span> <span class='ocrx_word' id='word_1_4' title='bbox 1074 311 1193 394; x_wconf 85' lang='lat' dir='ltr'>his</span> <span class='ocrx_word' id='word_1_5' title='bbox 1216 332 1368 392; x_wconf 87' lang='lat' dir='ltr'>tam</span> <span class='ocrx_word' id='word_1_6' title='bbox 1389 309 1604 390; x_wconf 78' lang='lat' dir='ltr'>laetor</span> <span class='ocrx_word' id='word_1_7' title='bbox 1622 308 1848 391; x_wconf 86' lang='lat' dir='ltr'>rebus</span> <span class='ocrx_word' id='word_1_8' title='bbox 1869 358 1891 397; x_wconf 84' lang='lat'><strong>,</strong></span> <span class='ocrx_word' id='word_1_9' title='bbox 1946 327 2177 413; x_wconf 84' lang='lat' dir='ltr'>quam</span> <span class='ocrx_word' id='word_1_10' title='bbox 2202 293 2326 382; x_wconf 85' lang='lat' dir='ltr'>me</span> <span class='ocrx_word' id='word_1_11' title='bbox 2345 295 2613 379; x_wconf 85' lang='lat' dir='ltr'>abfore</span> <span class='ocrx_word' id='word_1_12' title='bbox 2634 294 2975 404; x_wconf 87' lang='lat' dir='ltr'>semper,</span> 
     </span>
     <span class='ocr_line' id='line_1_3' title="bbox 976 407 2962 517; baseline -0.011 -14"><span class='ocrx_word' id='word_1_13' title='bbox 976 421 1279 517; x_wconf 79' lang='lat' dir='ltr'>Abfore</span> <span class='ocrx_word' id='word_1_14' title='bbox 1307 444 1436 501; x_wconf 82' lang='lat' dir='ltr'>me</span> <span class='ocrx_word' id='word_1_15' title='bbox 1455 448 1498 497; x_wconf 88' lang='lat' dir='ltr'>a</span> <span class='ocrx_word' id='word_1_16' title='bbox 1523 417 1868 500; x_wconf 84' lang='lat' dir='ltr'>dominae</span> <span class='ocrx_word' id='word_1_17' title='bbox 1886 413 2175 494; x_wconf 86' lang='lat' dir='ltr'>vertice</span> <span class='ocrx_word' id='word_1_18' title='bbox 2196 407 2635 510; x_wconf 77' lang='lat' dir='ltr'>discrucior.</span> <span class='ocrx_word' id='word_1_19' title='bbox 2954 433 2962 446; x_wconf 53' lang='lat'><em>³</em></span> 
     </span>
     <span class='ocr_line' id='line_1_4' title="bbox 856 513 3095 642; baseline -0.008 -30"><span class='ocrx_word' id='word_1_20' title='bbox 856 532 1215 636; x_wconf 77' lang='lat' dir='ltr'>Qicum&#39;</span> <span class='ocrx_word' id='word_1_21' title='bbox 1226 558 1379 642; x_wconf 88' lang='lat' dir='ltr'>ego</span> <span class='ocrx_word' id='word_1_22' title='bbox 1397 525 1429 623; x_wconf 63' lang='lat'>,&#39;</span> <span class='ocrx_word' id='word_1_23' title='bbox 1441 553 1689 637; x_wconf 88' lang='lat' dir='ltr'>quum</span> <span class='ocrx_word' id='word_1_24' title='bbox 1710 527 1931 634; x_wconf 86' lang='lat' dir='ltr'>virgo</span> <span class='ocrx_word' id='word_1_25' title='bbox 1949 518 2349 631; x_wconf 77' lang='lat' dir='ltr'>quondam</span> <span class='ocrx_word' id='word_1_26' title='bbox 2373 514 2545 610; x_wconf 84' lang='lat' dir='ltr'>fuit,</span> <span class='ocrx_word' id='word_1_27' title='bbox 2565 513 2937 598; x_wconf 88' lang='lat' dir='ltr'>omnibus</span> <span class='ocrx_word' id='word_1_28' title='bbox 2958 537 3095 596; x_wconf 86' lang='lat' dir='ltr'>ex·</span> 
     </span>
     <span class='ocr_line' id='line_1_5' title="bbox 852 669 1306 723; baseline -0.009 4"><span class='ocrx_word' id='word_1_29' title='bbox 852 681 859 688; x_wconf 95' lang='lat'><strong>·</strong></span> <span class='ocrx_word' id='word_1_30' title='bbox 1236 669 1306 723; x_wconf 85' lang='lat' dir='ltr'>rs</span> 
     </span>
     <span class='ocr_line' id='line_1_6' title="bbox 823 666 2598 858; baseline -0.008 -28"><span class='ocrx_word' id='word_1_31' title='bbox 823 819 827 830; x_wconf 89' lang='grc'>.</span> <span class='ocrx_word' id='word_1_32' title='bbox 969 666 1433 858; x_wconf 60' lang='grc' dir='ltr'>Πηὲιῗειπίε</span> <span class='ocrx_word' id='word_1_33' title='bbox 1457 802 1479 843; x_wconf 91' lang='grc'><em>,</em></span> <span class='ocrx_word' id='word_1_34' title='bbox 1536 769 1813 829; x_wconf 81' lang='lat' dir='ltr'>murrae</span> <span class='ocrx_word' id='word_1_35' title='bbox 1833 741 2073 837; x_wconf 78' lang='lat' dir='ltr'>millia</span> <span class='ocrx_word' id='word_1_36' title='bbox 2099 738 2339 821; x_wconf 85' lang='lat' dir='ltr'>multa</span> <span class='ocrx_word' id='word_1_37' title='bbox 2361 735 2547 817; x_wconf 86' lang='lat' dir='ltr'><strong>bibi.</strong></span> <span class='ocrx_word' id='word_1_38' title='bbox 2592 749 2598 756; x_wconf 84' lang='grc'><em>“</em></span> 
     </span>
     <span class='ocr_line' id='line_1_7' title="bbox 859 843 2690 968; baseline -0.009 -27"><span class='ocrx_word' id='word_1_39' title='bbox 859 858 1110 941; x_wconf 85' lang='lat' dir='ltr'>Nune</span> <span class='ocrx_word' id='word_1_40' title='bbox 1131 886 1274 942; x_wconf 87' lang='lat' dir='ltr'>vos</span> <span class='ocrx_word' id='word_1_41' title='bbox 1290 913 1316 948; x_wconf 82' lang='lat'>,</span> <span class='ocrx_word' id='word_1_42' title='bbox 1378 878 1657 968; x_wconf 87' lang='lat' dir='ltr'>optato</span> <span class='ocrx_word' id='word_1_43' title='bbox 1678 874 1849 964; x_wconf 82' lang='lat' dir='ltr'>quae·</span> <span class='ocrx_word' id='word_1_44' title='bbox 1854 853 2118 964; x_wconf 82' lang='lat' dir='ltr'>junxit</span> <span class='ocrx_word' id='word_1_45' title='bbox 2134 848 2437 928; x_wconf 84' lang='lat' dir='ltr'>lumine</span> <span class='ocrx_word' id='word_1_46' title='bbox 2461 843 2690 941; x_wconf 83' lang='lat' dir='ltr'>taeda,</span> 
     </span>
     <span class='ocr_line' id='line_1_8' title="bbox 972 954 2634 1077; baseline -0.011 -27"><span class='ocrx_word' id='word_1_47' title='bbox 972 969 1064 1049; x_wconf 88' lang='lat' dir='ltr'>N</span> <span class='ocrx_word' id='word_1_48' title='bbox 1066 995 1174 1051; x_wconf 88' lang='lat' dir='ltr'>on</span> <span class='ocrx_word' id='word_1_49' title='bbox 1193 968 1363 1077; x_wconf 90' lang='lat' dir='ltr'>post</span> <span class='ocrx_word' id='word_1_50' title='bbox 1381 966 1768 1048; x_wconf 85' lang='lat' dir='ltr'>unanimis</span> <span class='ocrx_word' id='word_1_51' title='bbox 1784 987 2110 1070; x_wconf 81' lang='lat' dir='ltr'>corpora</span> <span class='ocrx_word' id='word_1_52' title='bbox 2128 958 2307 1066; x_wconf 90' lang='lat' dir='ltr'>conj</span> <span class='ocrx_word' id='word_1_53' title='bbox 2318 954 2634 1062; x_wconf 73' lang='lat' dir='ltr'>u&#39;gibusz</span> 
     </span>
     <span class='ocr_line' id='line_1_9' title="bbox 861 1065 2522 1181; baseline -0.01 -20"><span class='ocrx_word' id='word_1_54' title='bbox 861 1077 1197 1161; x_wconf 84' lang='lat' dir='ltr'>Tradite</span> <span class='ocrx_word' id='word_1_55' title='bbox 1216 1077 1596 1177; x_wconf 82' lang='lat' dir='ltr'>nudantes</span> <span class='ocrx_word' id='word_1_56' title='bbox 1618 1071 1899 1181; x_wconf 72' lang='lat' dir='ltr'>rejesta</span> <span class='ocrx_word' id='word_1_57' title='bbox 1922 1067 2135 1151; x_wconf 88' lang='lat' dir='ltr'>veste</span> <span class='ocrx_word' id='word_1_58' title='bbox 2159 1065 2522 1172; x_wconf 54' lang='lat' dir='ltr'>papillas,</span> 
     </span>
     <span class='ocr_line' id='line_1_10' title="bbox 930 1177 2686 1290; baseline -0.01 -24"><span class='ocrx_word' id='word_1_59' title='bbox 930 1257 944 1290; x_wconf 23' lang='grc' dir='ltr'><strong>χ</strong></span> <span class='ocrx_word' id='word_1_60' title='bbox 976 1187 1163 1275; x_wconf 84' lang='lat' dir='ltr'>Qua</span> <span class='ocrx_word' id='word_1_61' title='bbox 1181 1181 1521 1267; x_wconf 86' lang='lat' dir='ltr'>iucunda</span> <span class='ocrx_word' id='word_1_62' title='bbox 1538 1182 1728 1263; x_wconf 81' lang='lat' dir='ltr'>mihi</span> <span class='ocrx_word' id='word_1_63' title='bbox 1749 1179 2066 1261; x_wconf 85' lang='lat' dir='ltr'>munera</span> <span class='ocrx_word' id='word_1_64' title='bbox 2087 1177 2276 1257; x_wconf 90' lang='lat' dir='ltr'>libet</span> <span class='ocrx_word' id='word_1_65' title='bbox 2290 1195 2550 1283; x_wconf 83' lang='lat' dir='ltr'>onyx:</span> <span class='ocrx_word' id='word_1_66' title='bbox 2677 1183 2686 1192; x_wconf 70' lang='lat'><strong><em>‘</em></strong></span> 
     </span>
     <span class='ocr_line' id='line_1_11' title="bbox 858 1279 2620 1404; baseline -0.012 -24"><span class='ocrx_word' id='word_1_67' title='bbox 858 1292 1137 1379; x_wconf 90' lang='lat' dir='ltr'>Vester</span> <span class='ocrx_word' id='word_1_68' title='bbox 1156 1321 1371 1404; x_wconf 84' lang='lat' dir='ltr'>onyx</span> <span class='ocrx_word' id='word_1_69' title='bbox 1395 1348 1415 1379; x_wconf 84' lang='lat'><strong>.</strong></span> <span class='ocrx_word' id='word_1_70' title='bbox 1476 1293 1682 1375; x_wconf 86' lang='lat' dir='ltr'>casto</span> <span class='ocrx_word' id='word_1_71' title='bbox 1700 1291 1974 1400; x_wconf 85' lang='lat' dir='ltr'>quaeris</span> <span class='ocrx_word' id='word_1_72' title='bbox 1994 1283 2341 1395; x_wconf 83' lang='lat' dir='ltr'>quaejura</span> <span class='ocrx_word' id='word_1_73' title='bbox 2360 1279 2620 1363; x_wconf 79' lang='lat' dir='ltr'>cubili.</span> 
     </span>
     <span class='ocr_line' id='line_1_12' title="bbox 972 1390 2538 1511; baseline -0.006 -27"><span class='ocrx_word' id='word_1_74' title='bbox 972 1404 1134 1485; x_wconf 87' lang='lat' dir='ltr'>Sed</span> <span class='ocrx_word' id='word_1_75' title='bbox 1175 1428 1346 1511; x_wconf 81' lang='lat' dir='ltr'>quae</span> <span class='ocrx_word' id='word_1_76' title='bbox 1381 1400 1452 1482; x_wconf 85' lang='lat' dir='ltr'>se</span> <span class='ocrx_word' id='word_1_77' title='bbox 1490 1406 1801 1509; x_wconf 85' lang='lat' dir='ltr'>impuro</span> <span class='ocrx_word' id='word_1_78' title='bbox 1837 1396 2066 1479; x_wconf 87' lang='lat' dir='ltr'>dedit</span> <span class='ocrx_word' id='word_1_79' title='bbox 2102 1390 2494 1480; x_wconf 71' lang='lat' dir='ltr'>adulterio</span> <span class='ocrx_word' id='word_1_80' title='bbox 2515 1444 2538 1475; x_wconf 77' lang='grc'><strong>.</strong></span> 
     </span>
     <span class='ocr_line' id='line_1_13' title="bbox 768 1497 2654 1607; baseline -0.003 -17"><span class='ocrx_word' id='word_1_81' title='bbox 768 1585 775 1590; x_wconf 83' lang='grc'><em>.</em></span> <span class='ocrx_word' id='word_1_82' title='bbox 859 1511 1080 1594; x_wconf 84' lang='lat' dir='ltr'>Illius</span> <span class='ocrx_word' id='word_1_83' title='bbox 1111 1511 1212 1594; x_wconf 81' lang='lat' dir='ltr'>ah</span> <span class='ocrx_word' id='word_1_84' title='bbox 1233 1512 1429 1594; x_wconf 81' lang='lat' dir='ltr'>mala</span> <span class='ocrx_word' id='word_1_85' title='bbox 1448 1511 1660 1593; x_wconf 80' lang='lat' dir='ltr'>dona</span> <span class='ocrx_word' id='word_1_86' title='bbox 1679 1506 1867 1590; x_wconf 85' lang='lat' dir='ltr'>levis</span> <span class='ocrx_word' id='word_1_87' title='bbox 1889 1505 2101 1607; x_wconf 61' lang='lat' dir='ltr'>bibat</span> <span class='ocrx_word' id='word_1_88' title='bbox 2123 1503 2352 1582; x_wconf 84' lang='lat' dir='ltr'>inrita</span> <span class='ocrx_word' id='word_1_89' title='bbox 2373 1497 2654 1605; x_wconf 78' lang='lat' dir='ltr'>pelvis.</span> 
     </span>
     <span class='ocr_line' id='line_1_14' title="bbox 698 1611 2564 1729; baseline -0.01 -23"><span class='ocrx_word' id='word_1_90' title='bbox 698 1627 703 1634; x_wconf 72' lang='grc'><strong>“</strong></span> <span class='ocrx_word' id='word_1_91' title='bbox 975 1622 1063 1703; x_wconf 90' lang='lat' dir='ltr'>N</span> <span class='ocrx_word' id='word_1_92' title='bbox 1070 1647 1322 1729; x_wconf 87' lang='lat' dir='ltr'>anque</span> <span class='ocrx_word' id='word_1_93' title='bbox 1344 1619 1763 1729; x_wconf 85' lang='lat' dir='ltr'>indignatis</span> <span class='ocrx_word' id='word_1_94' title='bbox 1787 1613 2099 1723; x_wconf 70' lang='lat' dir='ltr'>praemia</span> <span class='ocrx_word' id='word_1_95' title='bbox 2120 1611 2325 1693; x_wconf 82' lang='lat' dir='ltr'>nulla</span> <span class='ocrx_word' id='word_1_96' title='bbox 2347 1629 2564 1715; x_wconf 89' lang='lat' dir='ltr'>peto.</span> 
     </span>
     <span class='ocr_line' id='line_1_15' title="bbox 863 1710 2934 1840; baseline -0.007 -30"><span class='ocrx_word' id='word_1_97' title='bbox 863 1728 1020 1811; x_wconf 85' lang='lat' dir='ltr'>Sed</span> <span class='ocrx_word' id='word_1_98' title='bbox 1050 1732 1288 1840; x_wconf 81' lang='lat' dir='ltr'>magis</span> <span class='ocrx_word' id='word_1_99' title='bbox 1307 1787 1328 1817; x_wconf 87' lang='lat'>‚</span> <span class='ocrx_word' id='word_1_100' title='bbox 1388 1758 1443 1812; x_wconf 96' lang='lat' dir='ltr'>o</span> <span class='ocrx_word' id='word_1_101' title='bbox 1468 1755 1570 1809; x_wconf 88' lang='lat' dir='ltr'>nu</span> <span class='ocrx_word' id='word_1_102' title='bbox 1583 1749 1728 1834; x_wconf 79' lang='lat' dir='ltr'>ptae</span> <span class='ocrx_word' id='word_1_103' title='bbox 1750 1782 1770 1813; x_wconf 85' lang='grc'><strong>.</strong></span> <span class='ocrx_word' id='word_1_104' title='bbox 1839 1725 2141 1830; x_wconf 78' lang='lat' dir='ltr'>semper</span> <span class='ocrx_word' id='word_1_105' title='bbox 2163 1714 2584 1802; x_wconf 85' lang='lat' dir='ltr'>concordia</span> <span class='ocrx_word' id='word_1_106' title='bbox 2606 1710 2934 1824; x_wconf 72' lang='lat' dir='ltr'>vostrae,</span> 
     </span>
     <span class='ocr_line' id='line_1_16' title="bbox 978 1826 2492 1946; baseline -0.01 -26"><span class='ocrx_word' id='word_1_107' title='bbox 978 1838 1310 1946; x_wconf 84' lang='lat' dir='ltr'>Semper</span> <span class='ocrx_word' id='word_1_108' title='bbox 1327 1865 1549 1919; x_wconf 87' lang='lat' dir='ltr'>amor</span> <span class='ocrx_word' id='word_1_109' title='bbox 1570 1835 1765 1936; x_wconf 73' lang='lat' dir='ltr'>sedis</span> <span class='ocrx_word' id='word_1_110' title='bbox 1784 1832 2073 1914; x_wconf 83' lang='lat' dir='ltr'>incolat</span> <span class='ocrx_word' id='word_1_111' title='bbox 2096 1826 2492 1911; x_wconf 70' lang='lat' dir='ltr'>adsiduus.</span> 
     </span>
     <span class='ocr_line' id='line_1_17' title="bbox 863 1929 2790 2054; baseline -0.01 -24"><span class='ocrx_word' id='word_1_112' title='bbox 863 1943 1005 2030; x_wconf 90' lang='lat' dir='ltr'>Tu</span> <span class='ocrx_word' id='word_1_113' title='bbox 1028 1972 1221 2028; x_wconf 89' lang='lat' dir='ltr'>vero</span> <span class='ocrx_word' id='word_1_114' title='bbox 1242 1999 1263 2039; x_wconf 89' lang='lat'><strong>,</strong></span> <span class='ocrx_word' id='word_1_115' title='bbox 1324 1946 1586 2054; x_wconf 86' lang='lat' dir='ltr'>regina</span> <span class='ocrx_word' id='word_1_116' title='bbox 1608 1996 1632 2035; x_wconf 89' lang='lat'><strong>,</strong></span> <span class='ocrx_word' id='word_1_117' title='bbox 1687 1962 1918 2025; x_wconf 84' lang='lat' dir='ltr'>tuens</span> <span class='ocrx_word' id='word_1_118' title='bbox 1933 1963 2177 2051; x_wconf 86' lang='lat' dir='ltr'>quum</span> <span class='ocrx_word' id='word_1_119' title='bbox 2206 1935 2490 2028; x_wconf 79' lang='lat' dir='ltr'>fidera,</span> <span class='ocrx_word' id='word_1_120' title='bbox 2524 1929 2790 2013; x_wconf 85' lang='lat' dir='ltr'>divam</span> 
     </span>
     <span class='ocr_line' id='line_1_18' title="bbox 976 2048 2720 2142; baseline -0.01 -6"><span class='ocrx_word' id='word_1_121' title='bbox 976 2055 1315 2136; x_wconf 83' lang='lat' dir='ltr'>Placabis</span> <span class='ocrx_word' id='word_1_122' title='bbox 1332 2052 1542 2134; x_wconf 86' lang='lat' dir='ltr'>festis</span> <span class='ocrx_word' id='word_1_123' title='bbox 1566 2052 1985 2132; x_wconf 81' lang='lat' dir='ltr'>luminibus</span> <span class='ocrx_word' id='word_1_124' title='bbox 2005 2048 2397 2142; x_wconf 83' lang='lat' dir='ltr'>Venerem</span> <span class='ocrx_word' id='word_1_125' title='bbox 2419 2070 2441 2121; x_wconf 71' lang='grc' dir='ltr'>ε</span> <span class='ocrx_word' id='word_1_126' title='bbox 2704 2057 2720 2070; x_wconf 88' lang='grc'><strong><em>·</em></strong></span> 
     </span>
     <span class='ocr_line' id='line_1_19' title="bbox 873 2149 2827 2272; baseline -0.007 -26"><span class='ocrx_word' id='word_1_127' title='bbox 873 2164 1287 2272; x_wconf 73' lang='lat' dir='ltr'>Sanguinis</span> <span class='ocrx_word' id='word_1_128' title='bbox 1305 2169 1712 2271; x_wconf 84' lang='lat' dir='ltr'>expertem</span> <span class='ocrx_word' id='word_1_129' title='bbox 1739 2157 1906 2242; x_wconf 85' lang='lat' dir='ltr'>non</span> <span class='ocrx_word' id='word_1_130' title='bbox 1928 2156 2238 2239; x_wconf 79' lang='lat' dir='ltr'>verticis</span> <span class='ocrx_word' id='word_1_131' title='bbox 2258 2149 2408 2235; x_wconf 75' lang='lat' dir='ltr'>esse</span> <span class='ocrx_word' id='word_1_132' title='bbox 2423 2171 2639 2235; x_wconf 82' lang='lat' dir='ltr'>tuam</span> <span class='ocrx_word' id='word_1_133' title='bbox 2662 2172 2827 2255; x_wconf 77' lang='lat' dir='ltr'>me,</span> 
     </span>
     <span class='ocr_line' id='line_1_20' title="bbox 983 2258 2623 2380; baseline -0.009 -28"><span class='ocrx_word' id='word_1_134' title='bbox 983 2273 1068 2353; x_wconf 91' lang='lat' dir='ltr'>Si</span> <span class='ocrx_word' id='word_1_135' title='bbox 1085 2274 1294 2377; x_wconf 88' lang='lat' dir='ltr'>potis</span> <span class='ocrx_word' id='word_1_136' title='bbox 1314 2300 1395 2379; x_wconf 82' lang='lat' dir='ltr'>es</span> <span class='ocrx_word' id='word_1_137' title='bbox 1416 2274 1639 2380; x_wconf 86' lang='lat' dir='ltr'>largis</span> <span class='ocrx_word' id='word_1_138' title='bbox 1657 2267 1908 2350; x_wconf 87' lang='lat' dir='ltr'>adfice</span> <span class='ocrx_word' id='word_1_139' title='bbox 1929 2258 2403 2360; x_wconf 73' lang='lat' dir='ltr'>muneribus,</span> <span class='ocrx_word' id='word_1_140' title='bbox 2619 2292 2623 2297; x_wconf 85' lang='lat'><strong>·</strong></span> 
     </span>
     <span class='ocr_line' id='line_1_21' title="bbox 874 2366 2800 2489; baseline -0.008 -25"><span class='ocrx_word' id='word_1_141' title='bbox 874 2377 1145 2464; x_wconf 88' lang='lat' dir='ltr'>Sidera</span> <span class='ocrx_word' id='word_1_142' title='bbox 1166 2407 1368 2489; x_wconf 90' lang='lat' dir='ltr'>quur</span> <span class='ocrx_word' id='word_1_143' title='bbox 1393 2383 1678 2463; x_wconf 90' lang='lat' dir='ltr'>iterent</span> <span class='ocrx_word' id='word_1_144' title='bbox 1699 2386 1730 2462; x_wconf 83' lang='lat'>?</span> <span class='ocrx_word' id='word_1_145' title='bbox 1783 2378 2080 2461; x_wconf 83' lang='lat' dir='ltr'>utinam</span> <span class='ocrx_word' id='word_1_146' title='bbox 2100 2398 2326 2453; x_wconf 83' lang='lat' dir='ltr'>coma</span> <span class='ocrx_word' id='word_1_147' title='bbox 2346 2367 2557 2479; x_wconf 86' lang='lat' dir='ltr'>regia</span> <span class='ocrx_word' id='word_1_148' title='bbox 2573 2366 2752 2453; x_wconf 80' lang='lat' dir='ltr'>fiam</span> <span class='ocrx_word' id='word_1_149' title='bbox 2773 2418 2800 2464; x_wconf 83' lang='lat'>‚</span> 
     </span>
     <span class='ocr_line' id='line_1_22' title="bbox 986 2477 2968 2601; baseline -0.009 -27"><span class='ocrx_word' id='word_1_150' title='bbox 986 2490 1399 2591; x_wconf 77' lang='lat' dir='ltr'>Proximus</span> <span class='ocrx_word' id='word_1_151' title='bbox 1423 2486 1895 2601; x_wconf 87' lang='lat' dir='ltr'>Hydrochoi</span> <span class='ocrx_word' id='word_1_152' title='bbox 1912 2482 2257 2597; x_wconf 33' lang='lat' dir='ltr'>,fulgeret</span> <span class='ocrx_word' id='word_1_153' title='bbox 2278 2479 2607 2591; x_wconf 75' lang='lat' dir='ltr'>Oarion.</span> <span class='ocrx_word' id='word_1_154' title='bbox 2881 2492 2886 2493; x_wconf 71' lang='grc'>’</span> <span class='ocrx_word' id='word_1_155' title='bbox 2965 2477 2968 2481; x_wconf 48' lang='lat'><strong>⁴</strong></span> 
     </span>
    </p>
   </div>
   <div class='ocr_carea' id='block_1_3' title="bbox 632 2690 3154 3847">
    <p class='ocr_par' dir='ltr' id='par_1_3' title="bbox 632 2690 3154 3847">
     <span class='ocr_line' id='line_1_23' title="bbox 863 2690 3134 2818; baseline -0.007 -24"><span class='ocrx_word' id='word_1_156' title='bbox 863 2720 996 2794; x_wconf 73' lang='lat' dir='ltr'>Vix·</span> <span class='ocrx_word' id='word_1_157' title='bbox 1047 2720 1389 2818; x_wconf 86' lang='lat' dir='ltr'>elegantius</span> <span class='ocrx_word' id='word_1_158' title='bbox 1445 2722 1695 2789; x_wconf 66' lang='lat' dir='ltr'>cirmen</span> <span class='ocrx_word' id='word_1_159' title='bbox 1728 2721 2036 2789; x_wconf 78' lang='lat' dir='ltr'>Romano</span> <span class='ocrx_word' id='word_1_160' title='bbox 2057 2713 2342 2786; x_wconf 88' lang='lat' dir='ltr'>sermone</span> <span class='ocrx_word' id='word_1_161' title='bbox 2357 2708 2652 2806; x_wconf 77' lang='lat' dir='ltr'>scriptum</span> <span class='ocrx_word' id='word_1_162' title='bbox 2672 2690 3134 2789; x_wconf 54' lang='lat' dir='ltr'>habene-mmm</span> 
     </span>
     <span class='ocr_line' id='line_1_24' title="bbox 765 2805 3133 2916; baseline -0.005 -28"><span class='ocrx_word' id='word_1_163' title='bbox 765 2818 1304 2916; x_wconf 79' lang='lat' dir='ltr'>quemadmodum</span> <span class='ocrx_word' id='word_1_164' title='bbox 1343 2816 1497 2887; x_wconf 88' lang='lat' dir='ltr'>illud</span> <span class='ocrx_word' id='word_1_165' title='bbox 1533 2816 1567 2884; x_wconf 81' lang='grc' dir='ltr'>ὲ</span> <span class='ocrx_word' id='word_1_166' title='bbox 1605 2814 2010 2887; x_wconf 80' lang='lat' dir='ltr'>Callimacho</span> <span class='ocrx_word' id='word_1_167' title='bbox 2043 2810 2341 2909; x_wconf 80' lang='lat' dir='ltr'>expreffit</span> <span class='ocrx_word' id='word_1_168' title='bbox 2380 2807 2707 2884; x_wconf 77' lang='lat' dir='ltr'>Catullus,</span> <span class='ocrx_word' id='word_1_169' title='bbox 2758 2805 2842 2873; x_wconf 81' lang='lat' dir='ltr'>ita</span> <span class='ocrx_word' id='word_1_170' title='bbox 2875 2827 3133 2902; x_wconf 81' lang='lat' dir='ltr'>quoque</span> 
     </span>
     <span class='ocr_line' id='line_1_25' title="bbox 768 2897 3130 3010; baseline -0.005 -25"><span class='ocrx_word' id='word_1_171' title='bbox 768 2916 895 2985; x_wconf 82' lang='lat' dir='ltr'>hoc</span> <span class='ocrx_word' id='word_1_172' title='bbox 954 2910 1171 2985; x_wconf 87' lang='lat' dir='ltr'>nostro</span> <span class='ocrx_word' id='word_1_173' title='bbox 1209 2912 1516 3010; x_wconf 81' lang='lat' dir='ltr'>legeretur</span> <span class='ocrx_word' id='word_1_174' title='bbox 1556 2912 1784 2986; x_wconf 86' lang='lat' dir='ltr'>seculo.</span> <span class='ocrx_word' id='word_1_175' title='bbox 1825 2913 2039 2982; x_wconf 77' lang='lat' dir='ltr'>Nunc</span> <span class='ocrx_word' id='word_1_176' title='bbox 2077 2933 2226 2980; x_wconf 73' lang='lat' dir='ltr'>vero</span> <span class='ocrx_word' id='word_1_177' title='bbox 2261 2930 2403 2977; x_wconf 89' lang='lat' dir='ltr'>cum</span> <span class='ocrx_word' id='word_1_178' title='bbox 2425 2925 2494 2974; x_wconf 87' lang='lat' dir='ltr'>ur</span> <span class='ocrx_word' id='word_1_179' title='bbox 2512 2901 2741 2999; x_wconf 85' lang='lat' dir='ltr'>ubique</span> <span class='ocrx_word' id='word_1_180' title='bbox 2755 2897 2800 2980; x_wconf 79' lang='grc'>,’</span> <span class='ocrx_word' id='word_1_181' title='bbox 2836 2902 2918 2973; x_wconf 81' lang='lat' dir='ltr'>fic</span> <span class='ocrx_word' id='word_1_182' title='bbox 2938 2901 3130 2973; x_wconf 82' lang='lat' dir='ltr'>etiam</span> 
     </span>
     <span class='ocr_line' id='line_1_26' title="bbox 765 2997 3129 3108; baseline -0.007 -24"><span class='ocrx_word' id='word_1_183' title='bbox 765 3012 833 3084; x_wconf 83' lang='lat' dir='ltr'>in</span> <span class='ocrx_word' id='word_1_184' title='bbox 864 3012 1127 3082; x_wconf 84' lang='lat' dir='ltr'>Catullo</span> <span class='ocrx_word' id='word_1_185' title='bbox 1155 3010 1408 3108; x_wconf 70' lang='lat' dir='ltr'>grassata</span> <span class='ocrx_word' id='word_1_186' title='bbox 1426 3007 1495 3078; x_wconf 81' lang='lat' dir='ltr'>fit</span> <span class='ocrx_word' id='word_1_187' title='bbox 1512 3028 1868 3103; x_wconf 82' lang='lat' dir='ltr'>temporum</span> <span class='ocrx_word' id='word_1_188' title='bbox 1890 3004 2107 3100; x_wconf 77' lang='lat' dir='ltr'>injuria</span> <span class='ocrx_word' id='word_1_189' title='bbox 2122 3049 2146 3085; x_wconf 85' lang='lat'>,</span> <span class='ocrx_word' id='word_1_190' title='bbox 2197 3003 2491 3101; x_wconf 88' lang='lat' dir='ltr'>quodque</span> <span class='ocrx_word' id='word_1_191' title='bbox 2507 2998 2675 3096; x_wconf 80' lang='lat' dir='ltr'>prius</span> <span class='ocrx_word' id='word_1_192' title='bbox 2693 2997 3129 3079; x_wconf 84' lang='lat' dir='ltr'>cultiffimum‚</span> 
     </span>
     <span class='ocr_line' id='line_1_27' title="bbox 764 3095 3130 3200; baseline -0.005 -22"><span class='ocrx_word' id='word_1_193' title='bbox 764 3109 937 3179; x_wconf 87' lang='lat' dir='ltr'>idem</span> <span class='ocrx_word' id='word_1_194' title='bbox 954 3110 1079 3200; x_wconf 79' lang='lat' dir='ltr'>jam</span> <span class='ocrx_word' id='word_1_195' title='bbox 1099 3108 1384 3177; x_wconf 81' lang='lat' dir='ltr'>omnium</span> <span class='ocrx_word' id='word_1_196' title='bbox 1409 3102 1949 3178; x_wconf 78' lang='lat' dir='ltr'>mendofiffimum</span> <span class='ocrx_word' id='word_1_197' title='bbox 1968 3104 2199 3174; x_wconf 56' lang='lat' dir='ltr'>fassum</span> <span class='ocrx_word' id='word_1_198' title='bbox 2220 3100 2287 3168; x_wconf 79' lang='lat' dir='ltr'>lit</span> <span class='ocrx_word' id='word_1_199' title='bbox 2307 3096 2695 3193; x_wconf 66' lang='lat' dir='ltr'>poematium</span> <span class='ocrx_word' id='word_1_200' title='bbox 2717 3140 2737 3175; x_wconf 83' lang='lat'>‚</span> <span class='ocrx_word' id='word_1_201' title='bbox 2792 3104 2909 3167; x_wconf 82' lang='lat' dir='ltr'>riec</span> <span class='ocrx_word' id='word_1_202' title='bbox 2934 3095 3130 3167; x_wconf 82' lang='lat' dir='ltr'>hilum</span> 
     </span>
     <span class='ocr_line' id='line_1_28' title="bbox 766 3185 3132 3303; baseline -0.006 -28"><span class='ocrx_word' id='word_1_203' title='bbox 766 3204 1108 3303; x_wconf 86' lang='lat' dir='ltr'>profuerint</span> <span class='ocrx_word' id='word_1_204' title='bbox 1140 3203 1827 3287; x_wconf 67' lang='lat' dir='ltr'>do&amp;orum1nedicinae</span> <span class='ocrx_word' id='word_1_205' title='bbox 1847 3248 1869 3283; x_wconf 92' lang='lat'><em>,</em></span> <span class='ocrx_word' id='word_1_206' title='bbox 1919 3200 2026 3299; x_wconf 82' lang='lat' dir='ltr'>qui</span> <span class='ocrx_word' id='word_1_207' title='bbox 2041 3199 2206 3268; x_wconf 85' lang='lat' dir='ltr'>bene</span> <span class='ocrx_word' id='word_1_208' title='bbox 2222 3192 2334 3265; x_wconf 90' lang='lat' dir='ltr'>suo</span> <span class='ocrx_word' id='word_1_209' title='bbox 2353 3191 2412 3264; x_wconf 91' lang='lat' dir='ltr'>se</span> <span class='ocrx_word' id='word_1_210' title='bbox 2428 3192 2675 3265; x_wconf 72' lang='lat' dir='ltr'>faustos</span> <span class='ocrx_word' id='word_1_211' title='bbox 2694 3190 2914 3263; x_wconf 85' lang='lat' dir='ltr'>officio</span> <span class='ocrx_word' id='word_1_212' title='bbox 2931 3185 3132 3263; x_wconf 79' lang='lat' dir='ltr'>ciedi-</span> 
     </span>
     <span class='ocr_line' id='line_1_29' title="bbox 763 3285 3136 3399; baseline -0.007 -27"><span class='ocrx_word' id='word_1_213' title='bbox 763 3302 953 3381; x_wconf 87' lang='lat' dir='ltr'>dere,</span> <span class='ocrx_word' id='word_1_214' title='bbox 1005 3303 1179 3399; x_wconf 78' lang='lat' dir='ltr'>q‘uod</span> <span class='ocrx_word' id='word_1_215' title='bbox 1218 3300 1519 3370; x_wconf 85' lang='lat' dir='ltr'>ulceribus</span> <span class='ocrx_word' id='word_1_216' title='bbox 1559 3299 1945 3370; x_wconf 72' lang='lat' dir='ltr'>librariorum</span> <span class='ocrx_word' id='word_1_217' title='bbox 1978 3292 2293 3365; x_wconf 84' lang='lat' dir='ltr'>cicatrices</span> <span class='ocrx_word' id='word_1_218' title='bbox 2309 3285 2715 3377; x_wconf 79' lang='lat' dir='ltr'>induxerint3</span> <span class='ocrx_word' id='word_1_219' title='bbox 2767 3287 3136 3380; x_wconf 85' lang='lat' dir='ltr'>noningra-</span> 
     </span>
     <span class='ocr_line' id='line_1_30' title="bbox 764 3383 3128 3471; baseline -0.008 -3"><span class='ocrx_word' id='word_1_220' title='bbox 764 3418 902 3468; x_wconf 85' lang='lat' dir='ltr'>tum</span> <span class='ocrx_word' id='word_1_221' title='bbox 941 3398 1166 3468; x_wconf 84' lang='lat' dir='ltr'>veteris</span> <span class='ocrx_word' id='word_1_222' title='bbox 1204 3399 1530 3468; x_wconf 74' lang='lat' dir='ltr'>literaturae</span> <span class='ocrx_word' id='word_1_223' title='bbox 1568 3386 1914 3466; x_wconf 68' lang='lat' dir='ltr'>rimantibus</span> <span class='ocrx_word' id='word_1_224' title='bbox 1947 3389 2085 3461; x_wconf 85' lang='lat' dir='ltr'>fore</span> <span class='ocrx_word' id='word_1_225' title='bbox 2120 3386 2421 3471; x_wconf 80' lang='lat' dir='ltr'>confide,</span> <span class='ocrx_word' id='word_1_226' title='bbox 2474 3386 2520 3458; x_wconf 85' lang='lat' dir='ltr'>fi</span> <span class='ocrx_word' id='word_1_227' title='bbox 2541 3383 2789 3457; x_wconf 77' lang='lat' dir='ltr'>deterso</span> <span class='ocrx_word' id='word_1_228' title='bbox 2805 3385 2992 3455; x_wconf 82' lang='lat' dir='ltr'>fitu&amp;</span> <span class='ocrx_word' id='word_1_229' title='bbox 3015 3390 3128 3455; x_wconf 66' lang='lat' dir='ltr'>ire-</span> 
     </span>
     <span class='ocr_line' id='line_1_31' title="bbox 632 3480 3154 3587; baseline -0.006 -23"><span class='ocrx_word' id='word_1_230' title='bbox 632 3510 637 3513; x_wconf 88' lang='grc'><em>’</em></span> <span class='ocrx_word' id='word_1_231' title='bbox 765 3493 1341 3587; x_wconf 79' lang='lat' dir='ltr'>tustate,po‹&#39;:‘rarum</span> <span class='ocrx_word' id='word_1_232' title='bbox 1361 3492 1729 3563; x_wconf 60' lang='lat' dir='ltr'>donstiffimo</span> <span class='ocrx_word' id='word_1_233' title='bbox 1752 3490 2073 3587; x_wconf 73' lang='lat' dir='ltr'>antiquum</span> <span class='ocrx_word' id='word_1_234' title='bbox 2095 3486 2351 3559; x_wconf 84' lang='lat' dir='ltr'>reddam</span> <span class='ocrx_word' id='word_1_235' title='bbox 2371 3484 2644 3555; x_wconf 83' lang='lat' dir='ltr'>nitorem</span> <span class='ocrx_word' id='word_1_236' title='bbox 2666 3529 2690 3565; x_wconf 83' lang='lat'><strong>,</strong></span> <span class='ocrx_word' id='word_1_237' title='bbox 2739 3480 3154 3575; x_wconf 77' lang='lat' dir='ltr'>efficiamque·</span> 
     </span>
     <span class='ocr_line' id='line_1_32' title="bbox 767 3574 3127 3689; baseline -0.008 -28"><span class='ocrx_word' id='word_1_238' title='bbox 767 3613 833 3661; x_wconf 90' lang='lat' dir='ltr'>ut</span> <span class='ocrx_word' id='word_1_239' title='bbox 853 3589 1063 3657; x_wconf 83' lang='lat' dir='ltr'>nonin</span> <span class='ocrx_word' id='word_1_240' title='bbox 1100 3593 1274 3660; x_wconf 83' lang='lat' dir='ltr'>coelo</span> <span class='ocrx_word' id='word_1_241' title='bbox 1301 3610 1538 3662; x_wconf 82' lang='lat' dir='ltr'>tantum</span> <span class='ocrx_word' id='word_1_242' title='bbox 1554 3634 1576 3672; x_wconf 83' lang='lat'>,</span> <span class='ocrx_word' id='word_1_243' title='bbox 1630 3588 1733 3660; x_wconf 87' lang='lat' dir='ltr'>sed</span> <span class='ocrx_word' id='word_1_244' title='bbox 1754 3596 1820 3661; x_wconf 85' lang='lat'>&amp;</span> <span class='ocrx_word' id='word_1_245' title='bbox 1845 3587 1945 3669; x_wconf 85' lang='lat' dir='ltr'>hic</span> <span class='ocrx_word' id='word_1_246' title='bbox 1965 3581 2509 3689; x_wconf 78' lang='lat' dir='ltr'>quoquelucidum</span> <span class='ocrx_word' id='word_1_247' title='bbox 2527 3579 2846 3681; x_wconf 80' lang='lat' dir='ltr'>splendeat</span> <span class='ocrx_word' id='word_1_248' title='bbox 2860 3574 3127 3649; x_wconf 85' lang='lat' dir='ltr'>Bereni-</span> 
     </span>
     <span class='ocr_line' id='line_1_33' title="bbox 767 3686 1281 3786; baseline -0.018 -25"><span class='ocrx_word' id='word_1_249' title='bbox 767 3712 870 3761; x_wconf 83' lang='lat' dir='ltr'>ces</span> <span class='ocrx_word' id='word_1_250' title='bbox 891 3686 1281 3786; x_wconf 71' lang='lat' dir='ltr'>capillitiuun.</span> 
     </span>
     <span class='ocr_line' id='line_1_34' title="bbox 1113 3775 3132 3847; baseline -0.005 10"><span class='ocrx_word' id='word_1_251' title='bbox 1113 3794 1124 3807; x_wconf 85' lang='lat'><strong>‘</strong></span> <span class='ocrx_word' id='word_1_252' title='bbox 2907 3775 3132 3847; x_wconf 72' lang='lat' dir='ltr'>Omnia</span> 
     </span>
    </p>
   </div>
  </div>
 </body>
</html>
