3635 4378
1102 183 1319 273 An
1455 148 2576 265 LECTOREM

1425 372 2304 516 PkiApvs

776 679 1019 765 Hunc
1035 700 1189 785 ego
1208 674 1538 782 juvenes
1557 670 1822 755 locum
1846 722 1869 764 ‚
1927 653 2442 773 v'illulamque
2468 661 2887 773 palustrem
2926 694 2955 764 ς

781 784 1122 876 Τεξὶειω
1151 785 1450 869 vimine
1461 786 1755 896 junceo
1783 835 1807 876 ,
1863 773 2281 885 caricisque
2305 775 2678 888 maniplis
2707 834 2729 866 ‚

783 908 1152 1009 Qercus
1188 896 1402 982 arida
1443 894 1719 979 rustica
1754 891 2117 976 fomitata
2161 887 2404 971 securi

785 1013 1098 1099 Nutrio
1141 1011 1383 1122 magis
1422 1006 1772 1119 &magis
1808 1028 1898 1088 ut
1938 1002 2157 1085 beata
2176 1000 2629 1112 quotannis.

790 1126 1052 1224 Hujus
1076 1148 1255 1204 nam
1279 1119 1590 1203 domini
1610 1121 1885 1203 colunt
1907 1139 2034 1197 me
2051 1113 2452 1224 deumque
2490 1111 2825 1198 salutant
2849 1171 2875 1203 .

791 1232 1163 1342 Pauperis
1186 1235 1730 1343 tuguri-pater,
1795 1226 2151 1339 filiulque
2194 1225 2554 1308 tenellus.

796 1346 1031 1429 Alter
1066 1343 1349 1428 asfidua
1386 1345 1656 1427 colens
1694 1340 2112 1451 diligentia
2134 1396 2157 1430 ‚
2225 1360 2317 1420 ut
2339 1336 2585 1421 herba

798 1455 1151 1542 Dumosa
1207 1456 1670 1567 asperaque,
1732 1455 1786 1537 a·
1813 1476 2000 1535 meo
2036 1449 2129 1536 fit
2151 1474 2457 1535 remota
2498 1446 2816 1533 lacello:
2904 1522 2917 1529 -

804 1571 1039 1653 Alter
1080 1595 1317 1676 parva
1347 1565 1602 1651 ferens
1643 1592 1881 1650 manu
1909 1564 2219 1675 semper
2239 1587 2579 1674 §munera
2622 1561 2851 1675 larga.

799 1679 1142 1767 Florido
1180 1679 1371 1762 mihi
1418 1682 1742 1788 ponitur
1782 1674 1993 1789 ρίἂει
2032 1702 2219 1760 vere
2240 1673 2531 1758 corolla
2655 1731 2663 1741 -

801 1794 1184 1899 Primitu‚v
1252 1799 1334 1873 ὃ(
1379 1813 1646 1876 tenera
1690 1790 1948 1875 virens
1992 1787 2195 1899 spica
2211 1783 2749 1873 mollisatista:

800 1906 1078 1989 Luteae
1101 1902 1333 1986 violae
1354 1904 1552 1986 mihi
1574 1961 1594 1991 .
1658 1903 2124 2012 luteumque
2145 1924 2484 2011 papaver
2504 1950 2529 1992 ‚

801 2016 1344 2125 Pallentesque
1383 2015 1835 2103 cucurbitae‚
1897 2021 1977 2096 ὃ(
2021 2012 2246 2098 suave
2279 2011 2580 2099 olentia
2617 2005 2864 2105 mala,

805 2128 999 2211 U'va
1044 2127 1460 2238 pampinea
1494 2129 1778 2212 rubens
1819 2126 2143 2208 educata
2165 2124 2303 2205 sub
2328 2123 2623 2205 umbra.

807 2240 1200 2348 Sanguine
1257 2238 1418 2319 haec
1462 2240 1693 2319 etiam
1736 2236 1976 2325 mihi,
2034 2231 2167 2312 sed
2222 2231 2616 2319 tacebitis,
2678 2255 2896 2314 arma

808 2351 1186 2433 Barbatus
1225 2347 1407 2428 linit
1450 2346 1785 2429 hirculus
1823 2341 2346 2455 cornipesque
2390 2341 2716 2449 capella.

805 2461 964 2542 Pro
1001 2460 1223 2568 queis
1241 2458 1509 2544 omnia
1530 2457 1960 2544 honoribus
1994 2456 2152 2543 haec
2172 2453 2469 2541 neceffe
2489 2457 2779 2566 Priapo

806 2570 1172 2655 Praestare
1194 2625 1216 2668 ,
1275 2579 1352 2652 ὃς
1378 2569 1690 2653 domini
1715 2570 2118 2654 hortulum
2139 2569 2615 2681 vineamque
2659 2567 2886 2653 tueri.

697 2726 701 2734 ·
811 2688 1088 2790 Qare
1111 2683 1295 2766 hinc
1311 2685 1367 2767 ὁ
1385 2689 1604 2788 pueri
1634 2681 1875 2793 vmalas
1896 2680 2280 2764 abstinete
2303 2684 2635 2795 rapinas.

806 2794 1143 2879 Vicinus
1165 2822 1310 2904 pro
1330 2793 1551 2878 dives
1571 2793 1684 2876 est
1717 2793 2273 2907 negligensque
2292 2794 2467 2878 Pria
2531 2819 2619 2877 us
2642 2834 2663 2890 ς

813 2905 1017 2990 Inde
1053 2905 1329 2992 sumite
1353 2962 1375 2994 ‚
1438 2904 1708 2991 semita
1744 2907 1919 3014 haec.
1940 2905 2238 2990 deinde
2274 2933 2415 2992 vos
2489 2923 2657 2991 eret
2679 2902 2861 3020 ipsa.

800 3162 1060 3252 Qercus
1076 3160 1249 3230 arida
1270 3156 1478 3256 rustica
1494 3157 1854 3251 conformata
1885 3156 2124 3256 securi]
2177 3156 2280 3231 Sic
2295 3156 2488 3256 vulgo
2506 3153 2866 3255 legebatur,
2919 3152 3092 3227 unde

707 3266 799 3338 vir
817 3291 1079 3364 magnus
1104 3262 1367 3340 faciebat
1406 3268 1761 3364 consonum.
1814 3268 2097 3338 Fomites
2113 3267 2364 3367 proprie
2378 3254 2778 3340 ‘dicuntur-ul
2826 3268 3091 3344 §mm-

707 3360 1163 3469 λεκῖσμαιῖᾇ,
1223 3376 1464 3450 minuta
1492 3400 1725 3473 nempe
1774 3375 1932 3479 ligni
1950 3397 2230 3451 ramenta
2246 3380 2385 3480 igni
2404 3376 2814 3452 accendendo
2833 3378 3091 3451 idonea.

713 3485 891 3556 Hinc
925 3483 1226 3574 defomaere
1267 3476 1839 3662 ἳσηπιλεκίὲειν,
1904 3488 2028 3560 sive
2063 3489 2320 3562 fomites
2351 3487 2584 3564 facere.
2637 3477 2814 3562 Huic
2836 3509 3091 3561 contra-

714 3585 878 3655 rium
903 3629 923 3664 ,
975 3581 1333 3695 dummodo
1355 3590 1652 3663 Latinum
1700 3613 1744 3662 it
1769 3637 1791 3670 ,
1845 3593 2212 3683 conseruare,
2267 3615 2420 3691 pro,
2477 3586 2740 3664 fomites
2757 3589 3092 3673 conferre,

716 3683 890 3781 quod
923 3681 1067 3754 huic
1101 3683 1366 3755 minime
1398 3711 1613 3782 aptum
1650 3691 1742 3763 est
1775 3691 1944 3761 loce.
2005 3692 2175 3762 Cum
2213 3688 2281 3764 in
2323 3690 2620 3763 omnibus
2638 3690 2907 3788 antiquis
2925 3709 3092 3786 quos

717 3782 848 3853 vidi
884 3782 1056 3854 libris
1092 3781 1389 3881 scriptum
1424 3783 1852 3864 invenerimus
1875 3791 2251 3887 formidata,
2301 3814 2435 3865 non
2452 3790 2865 3870 dubitavimus
2894 3808 3091 3882 repo-

1968 3908 1975 3914 *
2934 3905 3090 3958 nere
