3635 4378
1366 102 1407 139 ο
2818 132 2827 141 .

743 210 832 285 30
1127 179 2813 265 1.VossIOnsrznvA·r-ro,urzs;

763 306 1020 395 tinedda
1059 314 1132 385 sit
1164 314 1397 409 leone,
1433 311 1603 381 idem
1641 305 2167 409 intelligendum,
2207 327 2274 376 ut
2306 326 2539 403 nempe
2578 332 2687 405 per
2716 334 2907 381 unum
2947 300 3122 387 iilum

757 424 950 492 deum
981 412 1357 510 intelligatur
1391 408 1674 503 Serapis,
1714 405 1817 480 seu
1862 405 2077 474 Plutus
2101 449 2123 484 ‚
2149 438 2152 441 >
2178 406 2873 501 quatenus-divitiarum
2921 413 3128 484 Deus.

759 515 964 613 Quod
1021 531 1225 581 autem
1249 508 1394 577 viris
1416 504 1621 579 doetis
1642 520 1857 597 parum
1895 500 2138 571 videtur
2159 501 2492 573 verisimile
2522 501 2588 573 id
2625 505 2795 601 quod
2817 505 3129 577 Adrianus

764 616 889 686 hoc
927 615 1075 682 loco
1110 605 1318 678 scribit
1353 648 1375 683 ‚
1439 604 1779 702 plerosque
1823 598 2222 671 Alexandriae
2259 621 2360 670 aut
2391 599 2458 670 in
2478 603 2758 697 AEgypto
2789 602 3135 674 habitantes

768 708 1167 783 Christianos
1207 698 1382 773 fuifl'e
1418 701 1576 772 olim
1607 695 2088 772 mathematicos
2130 742 2152 776 ‚
2208 694 2514 793 aruspices
2549 708 2612 768 &
2655 700 2914 796 aliptas3
2950 702 3014 772 in
3052 724 3135 771 eo

767 807 1041 879 omnino
1071 803 1215 872 illos
1249 798 1413 882 faui,
1450 789 1553 874 vel
1594 795 1922 868 crebrailla
1938 820 2074 892 quae
2096 791 2408 888 supersunt
2429 795 2824 894 AEgyptiaca‚
2862 822 2995 868 non
3016 801 3130 889 Ju-
3185 796 3196 803 ’

684 916 687 919 ’
770 908 1055 977 daeorum
1076 906 1140 971 δι
1166 896 1596 993 Serapicorum
1637 894 1878 972 modo,
1904 891 2020 963 'sed
2040 897 2104 962 &
2132 890 2637 965 Christianorum
2669 891 2809 965 fitis
2841 891 3140 966 testantur

775 1004 1069 1073 annuleta.·
1161 993 1371 1093 Ipsum
1450 1008 1659 1091 uoque
1692 991 1817 1061 hoc
1851 988 1991 1061 satis
2025 990 2266 1060 evincit
2312 989 2469 1059 liber
2504 991 2817 1063 cestorum
2848 989 3000 1085 Julii
3032 997 3134 1063 A-

776 1099 1034 1177 fricani,
1075 1094 1185 1194 qui
1224 1093 1371 1163 clari
1453 1115 1557 1161 me
1604 1087 1884 1161 ostendit
1919 1133 1944 1168 ‚
1998 1089 2212 1186 quales
2261 1086 2363 1159 hic
2413 1108 2719 1163 vocentur
2756 1088 3001 1185 aliptae,
3044 1090 3136 1162 illi

771 1218 1005 1293 nempe
1038 1192 1145 1290 qui
1172 1189 1519 1289 unguentis
1553 1183 1985 1282 superstitiosis
2007 1231 2028 1267 ,
2067 1184 2388 1258 veneficiis
2425 1190 2494 1255 δι
2525 1187 2784 1288 magicis
2820 1209 3138 1260 uterentur
3253 1190 3262 1200 '

776 1291 1126 1391 emplastris
1153 1333 1175 1369 ,
1196 1310 1483 1386 quorum
1500 1283 1838 1381 descriptio
1872 1284 2066 1383 longe
2104 1284 2441 1354 maximam
2458 1280 2769 1355 cestorum
2790 1285 3139 1361 consttiue.

773 1399 881 1471 bat
921 1416 1182 1495 partem.
1281 1392 1455 1466 Vide
1480 1391 1732 1463 Suidam
1772 1389 1838 1458 in
1855 1413 2016 1461 voce
2066 1384 2498 1486 Αφμκοινός
2522 1437 2543 1469 ‚
2602 1392 2769 1462 unde
2786 1394 2965 1464 facile
2983 1416 3148 1491 cog..

774 1499 995 1567 noscas
1027 1517 1171 1564 eum
1209 1489 1447 1562 dietum
1478 1485 1651 1560 fuiss'e
1680 1492 1941 1560 Sextum
1972 1491 2210 1579 Julium
2235 1488 2602 1571 Africanum
2624 1535 2647 1570 ,
2687 1488 2792 1561 sed
2826 1510 2983 1561 errat
2999 1514 3142 1563 cum
3216 1568 3230 1578 ‚

758 1598 1146 1674 ‘Africanum
1183 1588 1414 1671 Ar‘sz
1466 1597 1941 1695 interpretatur,
1980 1599 2122 1696 quia
2154 1624 2385 1697 nempe
2404 1600 2757 1673 Africa'Lib
2801 1626 2835 1671 a
2870 1621 3150 1676 vocatur.

780 1698 1057 1771 Constat
1082 1697 1250 1767 enim
1276 1700 1501 1792 Syrum
1520 1693 1694 1767 fixisse
1710 1718 1786 1764 ex
1806 1694 2216 1770 Emmaunte.
2316 1698 2494 1770 Idem
2516 1723 2666 1771 vero
2700 1724 2737 1770 e
2815 1698 3146 1769 Africanus

777 1796 1274 1958 Chronolozus',
1314 1794 1509 1863 &ille
1525 1795 1630 1888 qui
1668 1789 1876 1864 cestos
1909 1789 2174 1898 scripsit,
2213 1796 2465 1887 quod&
2488 1795 2790 1865 Eusebius
2809 1795 3147 1867 confirmat
3217 1803 3226 1809 '

773 1896 845 1964 in
861 1891 1114 1963 historia
1199 1886 1613 1967 cclefiastica,·
1650 1907 1856 1979 neque
1876 1905 2047 1955 emm
2070 1887 2335 1959 delenda
2375 1886 2634 1959 suntilla
2652 1893 2874 1969 verba,
2918 1917 3145 1990 quem·

720 1988 735 2003 ’
777 1988 1124 2064 admodum
1141 1985 1368 2055 dostus
1387 1982 1704 2054 existimat
1735 1982 2041 2077 interpres
2067 2009 2095 2079 ,²
2149 1984 2258 2081 qui
2298 1990 2378 2053 δι’.
2402 1985 2469 2055 in
2515 1984 2642 2056 hoc
2672 2007 2889 2083 peccat
2907 2031 2948 2085 ,ἱ
2965 1988 3146 2086 quod

782 2108 909 2159 tres
942 2083 1123 2156 faciat
1145 2078 1516 2161 Africanos,
1549 2095 1697 2151 'cum
1736 2102 1894 2150 unus
1930 2097 2173 2152 tantum
2215 2077 2441 2163 fuerit,
2482 2084 2595 2181 qui
2625 2089 2692 2154 δι
2727 2083 3205 2184 Chronogra-·

789 2196 1071 2296 phianm
1107 2198 1171 2264 &
1209 2189 1411 2264 cestos
1449 2197 1515 2262 &
1561 2176 1976 2288 ςρριὲτηγκοί
2010 2186 2348 2286 scripserit.
2445 2195 2623 2267 Nam
2657 2221 2799 2294 quae
2834 2195 3152 2295 supersunt
3253 2257 3258 2262 .

789 2301 1209 2401 camparto?
1207 2327 1241 2376 ν
1260 2297 1609 2400 fragmenta
1621 2300 1723 2369 illa
1742 2296 2200 2368 constituebant
2219 2296 2457 2386 sextum
2484 2305 2550 2371 δι
2573 2299 2918 2396 septimum
2940 2300 3150 2373 cesto-

698 2414 705 2419 ’
792 2429 927 2475 rum
952 2403 1196 2473 librum.
1258 2398 1598 2468 Cestorum
1621 2419 1773 2466 vero
1808 2414 1980 2465 erant
2003 2394 2313 2469 libxxrv.
2328 2395 2412 2469 fic
2432 2398 2584 2469 dieti
2603 2425 2637 2470 a
2657 2399 2831 2471 cesto
2845 2399 3150 2481 Veneris,

842 2535 925 2581 uo
938 2511 1043 2596 illa
1059 2508 1136 2578 ad
1168 2507 1326 2578 varia
1342 2503 1598 2575 artificia
1619 2508 1685 2573 &
1720 2495 2126 2599 θελκτῆαω
2162 2505 2478 2589 utebatur,
2498 2527 2567 2580 ut
2582 2530 2658 2581 ex
2679 2511 2974 2582 Homero
2991 2532 3153 2580 con-
3221 2574 3227 2578 ,

793 2537 1013 2679 Ἄπιδι
1048 2627 1263 2676 revera
1280 2604 1431 2675 tales
1452 2600 1624 2674 fuiss'e
1638 2601 1791 2672 istos
1817 2600 2104 2674 Africani
2135 2604 2356 2686 libros,
2373 2605 2472 2678 vel
2491 2628 2568 2675 ex
2585 2605 2663 2677 iis
2679 2613 2816 2704 quat
2833 2604 3150 2705 supersunt

796 2704 938 2778 satis
960 2723 1126 2799 patet
1158 2697 1527 2800 strategicis.
1575 2702 1654 2770 In
1694 2700 2057 2771 Eusebianis
2095 2720 2301 2773 tamen
2334 2703 2686 2801 excerptiS‚
2720 2728 2858 2802 quat
2875 2704 3153 2802 Scaliger

799 2815 963 2886 colle
1004 2811 1095 2891 it,
1130 2807 1417 2880 liberiste
1432 2805 1655 2877 dicitur
1682 2797 1857 2887 fuisse
1909 2799 2437 2901 ἂννεσίςιέλῶυ.
2475 2869 2478 2872 .
2552 2816 2702 2883 Nec
2737 2813 2944 2908 obstat
2979 2817 3156 2913 quod

806 2912 968 2983 Chri
999 2909 1198 2977 iianus
1234 2903 1417 2976 fuerit
1448 2901 1800 2976 Africanus.
1881 2908 2156 2978 “Multos
2173 2910 2339 2980 enim
2364 2908 2844 3000 Christiapoem
2932 2912 3040 2984 'cis
3058 2940 3158 2986 ar-

797 3009 1003 3087 tibus,
1024 3000 1905 3106 genethliacis&aruspicinae
1938 3005 2203 3076 nimium
2235 3003 2407 3078 fuiffe
2435 3005 2722 3078 addictos
2743 3053 2766 3091 ,
2805 3033 2880 3080 ve
2922 3036 3001 3081 ex
3034 3011 3154 3086 hae

801 3107 927 3203 ipsa
969 3102 1229 3174 Adriani
1263 3102 1341 3174 ad
1377 3100 1733 3173 Servianum
1756 3120 1925 3196 patet
1957 3126 1992 3172 e
2042 3100 2246 3174 istola.
2351 3105 2449 3177 Ex
2468 3103 2624 3176 illisi
2676 3103 2748 3174 sis
2769 3132 2960 3202 porro
2978 3108 3155 3179 Afri-

756 3239 759 3242 ·
800 3203 938 3294 cani
978 3200 1362 3300 strategicis‚
1397 3224 1537 3313 quat
1556 3220 1621 3271 ut
1638 3198 1924 3270 diximus
2004 3198 2241 3271 esumta
2268 3198 2415 3294 sunt
2452 3202 2487 3273 ὲ
2528 3129 2780 3284 Ceius,
2815 3204 3015 3304 liquet
3031 3212 3152 3300 Sy-

801 3297 945 3371 rum'
973 3297 1229 3368 fuiffe&
1252 3294 1615 3369 familiarem
1650 3295 1981 3368 Bardesani
2014 3298 2249 3369 Partho
2285 3305 2352 3372 δι
2391 3299 2721 3371 Enancaro
2758 3300 2895 3373 filio
2929 3300 3153 3373 Manui

678 3401 683 3404 ’
801 3397 1081 3469 Arabum
1121 3395 1328 3492 regis,
1362 3414 1431 3465 ut
1462 3393 1865 3466 dubitandum
1904 3420 2036 3465 non
2075 3393 2151 3467 fit
2174 3443 2195 3478 ,
2227 3399 2381 3497 quin
2398 3398 2567 3482 idem
2607 3396 2790 3472 fuerit
2812 3397 3148 3472 Gestorum

805 3499 871 3566 δι
894 3493 1355 3591 Chronologiae
1388 3490 1681 3593 scriptor,
1728 3517 1874 3565 cum
1910 3499 1977 3563 δι
2012 3514 2157 3565 aetas
2178 3542 2198 3574 ‚
2238 3501 2305 3565 δι
2328 3495 2969 3593 patria&tcstimonia
2986 3520 3148 3567 con-

801 3594 1031 3689 spirent
1066 3609 1368 3661 veterum.
1434 3590 1742 3676 Quamvis
1764 3613 1967 3662 autem
1988 3589 2120 3663 haec
2143 3575 2298 3664 nihil
2316 3595 2391 3666 ad
2414 3596 2757 3679 Catullum,
2780 3593 2916 3692 quia
2934 3613 3147 3667 tamen

798 3691 953 3762 scitu
969 3689 1155 3801 digna
1169 3684 1661 3761 existimavimus
1678 3744 1699 3776 ,
1725 3688 1991 3764 libenter
2024 3686 2396 3792 scripsimus-

2965 3831 3150 3895 Mane
